@InCollection{Hughes90,
    author = "John Hughes",
    title = "Why Functional Programming Matters",
    booktitle = "Research Topics in Functional Programming",
    editor = "D. Turner",
    publisher = "Addison-Wesley",
    year = 1990,
    pages = "17--42"
}

@Book{Lipovaca11,
    author = "Miran Lipovača",
    title = "Learn You a Haskell for Great Good!",
    publisher = "No Starch Press",
    year = 2011,
    address = "San Francisco, CA",
    isbn = "978-1-59327-283-8",
    url = "http://learnyouahaskell.com/"

}

@InProceedings{Kay93,
    author = "Alan C. Kay",
    title = "The Early History of Smalltalk",
    booktitle = "Proceedings of the Second ACM SIGPLAN Conference on History of Programming Languages (HOPL-II)",
    year = 1993,
    address = "Cambridge, MA, USA",
    publisher = "ACM",
    pages = "69--95",
    doi = "10.1145/154766.155364",
    isbn = "0-89791-571-2"
}

@Article{Hickey2020,
    author = "Rich Hickey",
    title = "A History of Clojure",
    journal = "Proceedings of the ACM on Programming Languages",
    volume = "4",
    number = "HOPL",
    pages = "Article 71, 46 pages",
    month = jun,
    year = 2020,
    doi = "10.1145/3386321",
    publisher = "ACM",
    address = "New York, NY, USA",
    keywords = "Clojure, Lisp, functional programming, history of programming languages",
    note = "Shepherd: Mira Mezini, Technische Universität Darmstadt, Germany",
    url = "https://doi.org/10.1145/3386321"
}

@Article{Church1936,
    author = "Alonzo Church",
    title = "An Unsolvable Problem of Elementary Number Theory",
    journal = "American Journal of Mathematics",
    volume = "58",
    number = "2",
    pages = "345--363",
    month = apr,
    year = 1936,
    publisher = "The Johns Hopkins University Press",
    url = "http://links.jstor.org/sici?sici=0002-9327%28193604%2958%3A2%3C345%3AAUPOEN%3E2.0.CO%3B2-1",
    note = "Stable URL accessed via JSTOR"
}

@Misc{Computerphile2016,
    author = "John Hughes",
    title = "Functional Programming \& Haskell - Computerphile",
    howpublished = "YouTube",
    year = 2016,
    month = nov,
    note = "Video by Sean Riley. Published on the Computerphile channel.",
    url = "https://www.youtube.com/watch?v=LnX3B9oaKzw&list=PLyLAGC7tvSvxLwzDRoGTI-BK3UawlxhQO&index=14",
    urldate = "2024-12-31" % Atualize com a data em que você acessou o vídeo
}

@Book{Higginbotham15,
    author = "Daniel Higginbotham",
    title = "Clojure for the Brave and True",
    publisher = "No Starch Press",
    year = 2015,
    address = "San Francisco, CA",
    isbn = "978-1-59327-591-4",
    url = "https://www.braveclojure.com/"
}

@Online{Rodrigues2022,
    author = "Bruno Rodrigues",
    title = "O que é programação funcional e como usamos esta tecnologia no Nubank?",
    year = 2022,
    month = dec,
    url = "https://building.nubank.com.br/pt-br/o-que-e-programacao-funcional-e-como-usamos-esta-tecnologia-no-nubank/",
    note = "Publicado em Building Nubank Blog, 16 de dezembro de 2022. Autor: Bruno Rodrigues – Senior Engineering Manager at Nubank.",
    urldate = "2024-12-31"
}

@Online{Codigofonte2024,
    author = "Canal Código Fonte TV",
    title = "Pesquisa Salarial de Programadores Brasileiros 2024",
    year = 2024,
    month = jun,
    url = "https://pesquisa.codigofonte.com.br/2024",
    note = "4ª edição da pesquisa salarial com dados coletados entre 3 de fevereiro e 4 de junho de 2024.",
    urldate = "2024-12-31"
}
